@ARTICLE{Marvel,
  author = {Berg , H. C.},
  title = {Marvels of bacterial behavior},
  journal = {Proceedings of the American Philosophical Society},
  year = {2006},
  volume = {150},
  pages = {428--442},
  file = {Marvel.pdf:Marvel.pdf:PDF},
  owner = {alexia},
  timestamp = {2011.03.16},
}


@BOOK{textbook,
  title = {Biology of the Prokaryotes},
  publisher = {Blackwell Science},
  year = {1999},
  editor = {Joseph W. Lengeler and Gerhart Drews and Hans G. Schlegel},
  author = {Joseph W. Lengeler and Gerhart Drews and Hans G. Schlegel},
  owner = {alexia},
  timestamp = {2011.05.19},
}


@BOOK{Murray,
  title = {Mathematical Biology {I}: An Introduction},
  publisher = {Springer},
  year = {2004},
  editor = {S.S. Antman and J.E. Marsden and L. Sirovich and S. Wiggins},
  author = {J.D. Murray},
  owner = {alexia},
  timestamp = {2011.05.27},
}

