% note
% Bib files are VERY PICKY about syntax, more so than python
% Don't mix your Ps and Qs or commas and brackets.
% 
% Check your line endings,
%
% Always separate AUTHORs by "and"
% AUTHOR1 and AUTHOR2 and AUTHOR3 and AUTHOR4 and ..... and AUTHORX
% where AUTHORX is   Lastname, Firstname   or   Firstname Lastname
%
% Never put %comments in the middle of a bibtex entry, always between them
%

@BOOK{AD92,
  EDITOR = {Alan Adolphson and Steven Sperber and Marvin Tretkoff},
  TITLE = {$p$-adic Methods in Number Theory and Algebraic Geometry},
  PUBLISHER = {American Mathematical Society},
  YEAR = 1992,
  NUMBER = 133,
  SERIES = {Contemporary Mathematics},
  ADDRESS = {Providence, RI}
}
% note
@BOOK{latex,
   author = "Leslie Lamport",
   title = "{\LaTeX \rm:} {A} Document Preparation System",
   publisher = "Addison-Wesley",
   year = 1986 
}
% note
@misc{Beardon,
 author={Alan F. Beardon},
 title={From Problem Solving to Research},
 note={Unpublished manuscript},
 address={African Institute for Mathematical Sciences},
 year={2006}
}
% note
@article{Shannon48,
 author = 	 "Shannon, C. E.",
  title = 	 "A Mathematical Theory of Communication",
 journal="Bell Sys. Tech. J.",
 volume = 27,
 pages ="379-423, 623-656",
 year = 1948
}
% note
@incollection{shannon44,
 author = 	 {Shannon, C. E.},
 title = {The Best Detection of Pulses},
 booktitle = {Collected Papers of Claude Shannon},
 publisher = {IEEE Press},
  editor={N. J. A. Sloane and A. D. Wyner},
 year = {1993},
pages={148--150},
address={New York}
}
% note
@TECHREPORT{MacKay86,
 KEY		="MacKay",
 AUTHOR		="D. J. C. ~MacKay",
 TITLE		="Statistical Testing of High Precision Digitisers",
 YEAR		="1986",
 NUMBER		="3971",
 INSTITUTION	="Royal Signals and Radar Establishment, 
			Malvern, Worcester. WR14 3PS"
}
% note
@INPROCEEDINGS{MacKay94:fe,
 KEY		="MacKay",
 AUTHOR		="D. J. C. MacKay",
 TITLE		="A Free Energy Minimization Framework for 
	Inference Problems in Modulo 2 Arithmetic",
 BOOKTITLE      ="Fast Software Encryption (Proceedings of 1994 K.U. Leuven Workshop on Cryptographic Algorithms)",
  editor =	 "B. Preneel",
  series =	 "Lecture Notes in Computer Science Series",
  number = 	 "1008",
 YEAR		=1995,
  publisher =	 "Springer",
 PAGES		="179-195",
 ANNOTE ="Date submitted: 15 Jan 1995; Date accepted: 22 March 1995; Collaborating institutes: Cambridge University Computer Laboratory"
}
% note
@UNPUBLISHED{mnc4pfoutdated,
  KEY		="MacKay and Neal",
  AUTHOR		="D. J. C. MacKay and R. M. Neal",
  TITLE		="Good Codes based on Very Sparse Matrices",
  YEAR		=1995,
  NOTE="Available from \url{www.inference.phy.cam.ac.uk}",
  PAGES		="",
  ANNOTE ="Date submitted: ; Date accepted: ; Collaborating institutes:
 		  University of Toronto"
}
% note
@PhdThesis{mcdthesis,
  author = 	 {M. C. Davey},
  title = 	 {Error-correction using Low-Density Parity-Check Codes},
type={PhD},
  school = 	 {University of Cambridge},
  year = 	 {1999},
}
% note
@MISC{Webots,
  AUTHOR = {Webots},
  TITLE = {Commercial Mobile Robot Simulation Software},
  NOTE = {\url{www.cyberbotics.com}},
  EDITOR = {Cyberbotics Ltd.},
  YEAR = {2012}
}

